@article{yuan2012quantitative,
  title={Quantitative image analysis of cellular heterogeneity in breast tumors complements genomic profiling},
  author={Yuan, Yinyin and Failmezger, Henrik and Rueda, Oscar M and Ali, H Raza and Gr{\"a}f, Stefan and Chin, Suet-Feung and Schwarz, Roland F and Curtis, Christina and Dunning, Mark J and Bardwell, Helen and others},
  journal={Science translational medicine},
  volume={4},
  number={157},
  pages={157ra143--157ra143},
  year={2012},
  publisher={American Association for the Advancement of Science}
}

@article{potts2012evaluating,
  title={Evaluating tumor heterogeneity in immunohistochemistry-stained breast cancer tissue},
  author={Potts, Steven J and Krueger, Joseph S and Landis, Nicholas D and Eberhard, David A and Young, G David and Schmechel, Steven C and Lange, Holger},
  journal={Laboratory Investigation},
  volume={92},
  number={9},
  pages={1342--1357},
  year={2012},
  publisher={Nature Publishing Group}
}

@article{petushi2006large,
  title={Large-scale computations on histology images reveal grade-differentiating parameters for breast cancer},
  author={Petushi, Sokol and Garcia, Fernando U and Haber, Marian M and Katsinis, Constantine and Tozeren, Aydin},
  journal={BMC medical imaging},
  volume={6},
  number={1},
  pages={1},
  year={2006},
  publisher={BioMed Central}
}
