@inproceedings{Ilastik,
  title={ilastik: Interactive learning and segmentation toolkit},
  author={Sommer, Christoph and Straehle, Christoph and Koethe, Ullrich and Hamprecht, Fred A},
  booktitle={Biomedical Imaging: From Nano to Macro, 2011 IEEE International Symposium on},
  pages={230--233},
  year={2011},
  organization={IEEE}
}

@article{deconvolution,
  title={Quantification of histochemical staining by color deconvolution.},
  author={Ruifrok, Arnout C and Johnston, Dennis A},
  journal={Analytical and quantitative cytology and histology/the International Academy of Cytology [and] American Society of Cytology},
  volume={23},
  number={4},
  pages={291--299},
  year={2001}
}

@article{waterpixels,
  title={Waterpixels},
  author={Machairas, Va{\"\i}a and Faessel, Matthieu and C{\'a}rdenas-Pe{\~n}a, David and Chabardes, Th{\'e}odore and Walter, Thomas and Decenci{\`e}re, Etienne},
  journal={Image Processing, IEEE Transactions on},
  volume={24},
  number={11},
  pages={3707--3716},
  year={2015},
  publisher={IEEE}
}
@inproceedings{saf,
  title={NEW GENERAL FEATURES BASED ON SUPERPIXELS FOR IMAGE SEGMENTATION LEARNING},
  author={Machairas, V and Baldeweck, T and Walter, T and Decenci{\`e}re, E},
  booktitle={International Symposium on Biomedical Imaging},
  year={2016}
}
@article{breiman,
  title={Random forests},
  author={Breiman, Leo},
  journal={Machine learning},
  volume={45},
  number={1},
  pages={5--32},
  year={2001},
  publisher={Springer}
}

@inproceedings{ImageNet,
  title={Imagenet classification with deep convolutional neural networks},
  author={Krizhevsky, Alex and Sutskever, Ilya and Hinton, Geoffrey E},
  booktitle={Advances in neural information processing systems},
  pages={1097--1105},
  year={2012}
}

@article{AlphaGo,
  title={Mastering the game of Go with deep neural networks and tree search},
  author={Silver, David and Huang, Aja and Maddison, Chris J and Guez, Arthur and Sifre, Laurent and Van Den Driessche, George and Schrittwieser, Julian and Antonoglou, Ioannis and Panneershelvam, Veda and Lanctot, Marc and others},
  journal={Nature},
  volume={529},
  number={7587},
  pages={484--489},
  year={2016},
  publisher={Nature Publishing Group}
}

@incollection{UNet,
  title={U-Net: Convolutional Networks for Biomedical Image Segmentation},
  author={Ronneberger, Olaf and Fischer, Philipp and Brox, Thomas},
  booktitle={Medical Image Computing and Computer-Assisted Intervention--MICCAI 2015},
  pages={234--241},
  year={2015},
  publisher={Springer}
}

@inproceedings{long2015fcn,
  title={Fully convolutional networks for semantic segmentation},
  author={Long, Jonathan and Shelhamer, Evan and Darrell, Trevor},
  booktitle={Proceedings of the IEEE Conference on Computer Vision and Pattern Recognition},
  pages={3431--3440},
  year={2015}
}

@article{lecun,
  title={Backpropagation applied to handwritten zip code recognition},
  author={LeCun, Yann and Boser, Bernhard and Denker, John S and Henderson, Donnie and Howard, Richard E and Hubbard, Wayne and Jackel, Lawrence D},
  journal={Neural computation},
  volume={1},
  number={4},
  pages={541--551},
  year={1989},
  publisher={MIT Press}
}


@article{yuan2012quantitative,
  title={Quantitative image analysis of cellular heterogeneity in breast tumors complements genomic profiling},
  author={Yuan, Yinyin and Failmezger, Henrik and Rueda, Oscar M and Ali, H Raza and Gr{\"a}f, Stefan and Chin, Suet-Feung and Schwarz, Roland F and Curtis, Christina and Dunning, Mark J and Bardwell, Helen and others},
  journal={Science translational medicine},
  volume={4},
  number={157},
  pages={157ra143--157ra143},
  year={2012},
  publisher={American Association for the Advancement of Science}
}

@article{potts2012evaluating,
  title={Evaluating tumor heterogeneity in immunohistochemistry-stained breast cancer tissue},
  author={Potts, Steven J and Krueger, Joseph S and Landis, Nicholas D and Eberhard, David A and Young, G David and Schmechel, Steven C and Lange, Holger},
  journal={Laboratory Investigation},
  volume={92},
  number={9},
  pages={1342--1357},
  year={2012},
  publisher={Nature Publishing Group}
}

@article{petushi2006large,
  title={Large-scale computations on histology images reveal grade-differentiating parameters for breast cancer},
  author={Petushi, Sokol and Garcia, Fernando U and Haber, Marian M and Katsinis, Constantine and Tozeren, Aydin},
  journal={BMC medical imaging},
  volume={6},
  number={1},
  pages={1},
  year={2006},
  publisher={BioMed Central}
}
@article{jia2014caffe,
  Author = {Jia, Yangqing and Shelhamer, Evan and Donahue, Jeff and Karayev, Sergey and Long, Jonathan and Girshick, Ross and Guadarrama, Sergio and Darrell, Trevor},
  Journal = {arXiv preprint arXiv:1408.5093},
  Title = {Caffe: Convolutional Architecture for Fast Feature Embedding},
  Year = {2014}
}

@ARTICLE{py06nimg,
  author = {Paul A. Yushkevich and Joseph Piven and Cody Hazlett, Heather and
    Gimpel Smith, Rachel and Sean Ho and James C. Gee and Guido Gerig},
  title = {User-Guided {3D} Active Contour Segmentation of
    Anatomical Structures: Significantly Improved Efficiency and Reliability},
  journal = {Neuroimage},
  year = {2006},
  volume = {31},
  number = {3},
  pages = {1116--1128},
}

@article{irshad2014methods,
  title={Methods for Nuclei Detection, Segmentation, and Classification in Digital Histopathology: A Reviewâ€”Current Status and Future Potential},
  author={Irshad, Humayun and Veillard, Antoine and Roux, Ludovic and Racoceanu, Daniel},
  journal={Biomedical Engineering, IEEE Reviews in},
  volume={7},
  pages={97--114},
  year={2014},
  publisher={IEEE}
}

@inproceedings{ranefall2016fast,
  title={Fast Adaptive Local Thresholding Based on Ellipse fit},
  author={Ranefall, Petter and Sadanandan, Sajith Kecheril and W{\"a}hlby, Carolina},
  booktitle={International Symposium on Biomedical Imaging (ISBI'16), Prague, Czech Republic, April 13-16, 2016},
  year={2016}
}

@article{biton2014independent,
  title={Independent component analysis uncovers the landscape of the bladder tumor transcriptome and reveals insights into luminal and basal subtypes},
  author={Biton, Anne and Bernard-Pierrot, Isabelle and Lou, Yinjun and Krucker, Cl{\'e}mentine and Chapeaublanc, Elodie and Rubio-P{\'e}rez, Carlota and L{\'o}pez-Bigas, Nuria and Kamoun, Aur{\'e}lie and Neuzillet, Yann and Gestraud, Pierre and others},
  journal={Cell reports},
  volume={9},
  number={4},
  pages={1235--1245},
  year={2014},
  publisher={Elsevier}
}

@article{ta2009graph,
  title={Graph-based tools for microscopic cellular image segmentation},
  author={Ta, Vinh-Thong and L{\'e}zoray, Olivier and Elmoataz, Abderrahim and Sch{\"u}pp, Sophie},
  journal={Pattern Recognition},
  volume={42},
  number={6},
  pages={1113--1125},
  year={2009},
  publisher={Elsevier}
}

@incollection{cirecsan2013mitosis,
  title={Mitosis detection in breast cancer histology images with deep neural networks},
  author={Cire{\c{s}}an, Dan C and Giusti, Alessandro and Gambardella, Luca M and Schmidhuber, J{\"u}rgen},
  booktitle={Medical Image Computing and Computer-Assisted Intervention--MICCAI 2013},
  pages={411--418},
  year={2013},
  publisher={Springer}
}

@inproceedings{jiajia2016automatic,
  title={An automatic breast cancer grading method in histopathological images based on pixel-, object-, and semantic-level features},
  author={Jiajia, Cao and Wengchang, Qin and Juan, Jing and Jianhui, Chen and Tao, Wan}, 
  booktitle={International Symposium on Biomedical Imaging (ISBI'16), Prague, Czech Republic, April 13-16, 2016},
  year={2016}
}
@inproceedings{harder2016cooccurence,
  title={Co-occurrence features characterizing gland distribution patters as new prognostic markers in prostate cancer whole-slide iamges},
  author={Harder, Nathalie and Athelogou, Maria and Hessel, Harald and Buchner, Alexander and Sch{\"u}onmeyer, Ralf and Schmidt, G{\"u}nter and Stief, Christian and Kirchner, Thomas and Binnig, Gerd},
  booktitle={International Symposium on Biomedical Imaging (ISBI'16), Prague, Czech Republic, April 13-16, 2016},
  year={2016}
}

@article{manivannanlocal,
  title={LOCAL STRUCTURE PREDICTION FOR GLAND SEGMENTATION},
  author={Manivannan, Siyamalan and Li, Wenqi and Akbar, Shazia and Zhang, Jianguo and Trucco, Emanuele and McKenna, Stephen J}
}

@inproceedings{vanEycke2016,
  title={image normalization for quantitative immunohistochemistry in digital pathology},
  author={Van Eycke, Yves-Remi and Allard, Justine, and Derock, Melanie, and Salmon, Isabelle, and Debeir, Olivier and Decaestecker, Christine},
  booktitle={International Symposium on Biomedical Imaging (ISBI'16), Prague, Czech Republic, April 13-16, 2016},
  year={2016}gn
}

@inproceedings{alsubaie2016,
  title={Stain deconvolution of histology images via independent component analysis in the wavelet domain},
  autho={Alsubaie, Najah and Ahmed Raza, Shan E and Rajpoot, Nasir},
    booktitle={International Symposium on Biomedical Imaging (ISBI'16), Prague, Czech Republic, April 13-16, 2016},
  year={2016}
}

@inproceedings{niethammer2010appearance,
  title={Appearance Normalization of Histology Slides.},
  author={Niethammer, Marc and Borland, David and Marron, JS and Woosley, John T and Thomas, Nancy E},
  booktitle={MLMI},
  pages={58--66},
  year={2010},
  organization={Springer}
}
